@article{abel2016,
  title={Well-founded recursion with copatterns and sized types},
  volume={26},
  DOI={10.1017/S0956796816000022},
  journal={Journal of Functional Programming},
  publisher={Cambridge University Press},
  author={Abel, Andreas and Pientka, Brigitte},
  year={2016},
  pages={e2}
}

@inproceedings{amadio1998,
  title={Analysis of a guard condition in type theory},
  author={Amadio, Roberto M. and Coupet-Grimal, Solange},
  booktitle={International Conference on Foundations of Software Science and Computation Structure},
  pages={48--62},
  year={1998},
  organization={Springer}
}

@article{barthe2004,
  title={Type-based termination of recursive definitions},
  volume={14},
  DOI={10.1017/S0960129503004122},
  number={1},
  journal={Mathematical Structures in Computer Science},
  publisher={Cambridge University Press},
  author={Barthe, G. and Frade, M. J. and Giménez, E. and Pinto, L. and Uustalu, T.},
  year={2004},
  pages={97–141}
}

@InProceedings{blanqui2004,
  author="Blanqui, Fr{\'e}d{\'e}ric",
  editor="van Oostrom, Vincent",
  title="A Type-Based Termination Criterion for Dependently-Typed Higher-Order Rewrite Systems",
  booktitle="Rewriting Techniques and Applications",
  year="2004",
  publisher="Springer Berlin Heidelberg",
  address="Berlin, Heidelberg",
  pages="24--39",
  abstract="Several authors devised type-based termination criteria for ML-like languages allowing non-structural recursive calls. We extend these works to general rewriting and dependent types, hence providing a powerful termination criterion for the combination of rewriting and $\beta$-reduction in the {C}alculus of {C}onstructions.",
  isbn="978-3-540-25979-4"
}

@phdthesis{sacchiniphd,
  title={On type-based termination and dependent pattern matching in the {C}alculus of {I}nductive {C}onstructions},
  author={Sacchini, Jorge Luis},
  year={2011},
  school={{\'E}cole Nationale Sup{\'e}rieure des Mines de Paris}
}

@inproceedings{sacchini2013,
 author = {Sacchini, Jorge Luis},
 title = {Type-Based Productivity of Stream Definitions in the {C}alculus of {C}onstructions},
 booktitle = {Proceedings of the 2013 28th Annual ACM/IEEE Symposium on Logic in Computer Science},
 series = {LICS '13},
 year = {2013},
 isbn = {978-0-7695-5020-6},
 pages = {233--242},
 numpages = {10},
 url = {http://dx.doi.org/10.1109/LICS.2013.29},
 doi = {10.1109/LICS.2013.29},
 acmid = {2591408},
 publisher = {IEEE Computer Society},
 address = {Washington, DC, USA},
 keywords = {Type-Based Productivity, Dependent Types, Coinduction, Strong Normalization},
}

@inproceedings{altenkirch1993,
  author    = {Thorsten Altenkirch},
  title     = {A Formalization of the Strong Normalization Proof for System {F} in
               {LEGO}},
  booktitle = {Typed Lambda Calculi and Applications, International Conference on
               Typed Lambda Calculi and Applications, {TLCA} '93, Utrecht, The Netherlands,
               March 16-18, 1993, Proceedings},
  pages     = {13--28},
  year      = {1993},
  crossref  = {tlca1993},
  url       = {https://doi.org/10.1007/BFb0037095},
  doi       = {10.1007/BFb0037095},
  timestamp = {Sat, 20 May 2017 15:32:50 +0200},
  biburl    = {https://dblp.org/rec/bib/conf/tlca/Altenkirch93},
  bibsource = {dblp computer science bibliography, https://dblp.org}
}

@proceedings{tlca1993,
  editor    = {Marc Bezem and
               Jan Friso Groote},
  title     = {Typed Lambda Calculi and Applications, International Conference on
               Typed Lambda Calculi and Applications, {TLCA} '93, Utrecht, The Netherlands,
               March 16-18, 1993, Proceedings},
  series    = {Lecture Notes in Computer Science},
  volume    = {664},
  publisher = {Springer},
  year      = {1993},
  url       = {https://doi.org/10.1007/BFb0037093},
  doi       = {10.1007/BFb0037093},
  isbn      = {3-540-56517-5},
  timestamp = {Sat, 20 May 2017 15:32:50 +0200},
  biburl    = {https://dblp.org/rec/bib/conf/tlca/1993},
  bibsource = {dblp computer science bibliography, https://dblp.org}
}

@book{girard1989,
  title={Proofs and Types},
  author={Girard, Jean-Yves and Taylor, Paul and Lafont, Yves},
  year={1989},
  publisher={Cambridge University Press},
  location={Cambridge},
}

@article{abbott2005,
  author = "Michael Abbott and Thorsten Altenkirch and Neil Ghani",
  title = "Containers: {C}onstructing strictly positive types",
  journal = "Theoretical Computer Science",
  volume = "342",
  number = "1",
  pages = "3-27",
  year = "2005",
  issn = "0304-3975",
  doi = "http://dx.doi.org/10.1016/j.tcs.2005.06.002",
  url = "http://www.sciencedirect.com/science/article/pii/S0304397505003373",
}

@article{altenkirch2015,
  title = {Indexed containers},
  author = {Altenkirch, Thorsten and Ghani, Neil and Hancock, Peter and McBride, Conor and Morris, Peter},
  journal = {Journal of Functional Programming},
  volume = {25},
  year = {2015},
  doi = {10.1017/S095679681500009X}
}

@phdthesis{norellphd,
  author  = {Ulf Norell},
  title = {Towards a practical programming language based on dependent type theory},
  school = {Department of Computer Science and Engineering, Chalmers University of Technology},
  year = 2007,
  month = {September},
}

@misc{coq,
  author = "The {Coq} Development Team",
  title = "Reference Manual",
  howpublished = "\url{https://coq.inria.fr/refman/}",
  note = "Version 8.6",
}

@inproceedings{gimenez1995,
  author = "Gim{\'e}nez, Eduardo",
  title = "Codifying guarded definitions with recursive schemes",
  editor = "Dybjer, Peter and Nordstr{\"o}m, Bengt and Smith, Jan",
  bookTitle = "Selected Papers of the International Workshop on Types for Proofs and Programs 1994",
  year = "1995",
  publisher = "Springer",
  address = "Berlin/Heidelberg",
  pages = "39--59",
  isbn = "978-3-540-47770-9",
  doi = "10.1007/3-540-60579-7_3",
  url = "http://dx.doi.org/10.1007/3-540-60579-7_3",
}

@book{curry1958,
  title = {Combinatory Logic},
  author = {Curry, Haskell Brooks and Feys, Robert},
  year = {1958},
  publisher = {North-Holland},
  address = {Amsterdam},
}

@incollection{howard1980,
  author = "Howard, William A.",
  title = "The formulae-as-types notion of construction",
  editor = "Seldin, Jonathan P. and Hindley, J. Roger",
  booktitle = "To {H.} {B.} {C}urry: Essays on {C}ombinatory {L}ogic, {L}ambda {C}alculus and {F}ormalism",
  year = 1980,
  pages = "479--490",
  publisher = "Academic Press",
  address = "Boston",
  isbn = "978-0-12-349050-6",
}

@inproceedings{debruijn1970,
  author = "de Bruijn, Nicolaas Govert",
  editor = "Laudet, M. and Lacombe, D. and Nolin, L. and Sch{\"u}tzenberger, M.",
  title = "The mathematical language {AUTOMATH}, its usage, and some of its extensions",
  bookTitle = "Symposium on Automatic Demonstration 1968",
  year = "1970",
  publisher = "Springer",
  address = "Berlin/Heidelberg",
  pages = "29--61",
  isbn = "978-3-540-36262-3",
  doi = "10.1007/BFb0060623",
  url = "http://dx.doi.org/10.1007/BFb0060623",
}

@misc{coqbug2013,
  author = "Dénès, Maxime",
  title = "Propositional extensionality is inconsistent in {Coq}",
  howpublished = "\url{https://sympa.inria.fr/sympa/arc/coq-club/2013-12/msg00119.html}",
  note = "Accessed: 2018-12-05",
}

@misc{agdabug2013,
  author = "Dénès, Maxime",
  title = "Re: {[HoTT]} newbie questions about homotopy theory \& advantage of {UF}/{Coq}",
  howpublished = "\url{https://sympa.inria.fr/sympa/arc/coq-club/2013-12/msg00119.html}",
  note = "Accessed: 2018-12-05",
}

@article{abel2002,
  author = {Abel, Andreas and Altenkirch, Thorsten},
  title = {A predicative analysis of structural recursion},
  journal = {Journal of Functional Programming},
  volume = 12,
  number = 1,
  year = 2002,
  pages = {1--41},
  doi = {10.1017/S0956796801004191},
}

@misc{cats,
  author = "Limperg, Jannis",
  year = 2019,
  title = "Cats",
  howpublished="\url{https://github.com/JLimperg/cats}",
  note = "Accessed: 2019-03-31",
}

@article{taylor1996,
  author = "Taylor, Paul",
  title = "Intuitionistic Sets and Ordinals",
  journal = "Journal of Symbolic Logic",
  volume = 61,
  year = 1996,
  pages = "705--744",
}

@misc{shulman2014,
  author = "Shulman, Mike",
  year = 2014,
  month = "February",
  title = "The surreals contain the plump ordinals",
  howpublished = "\url{https://homotopytypetheory.org/2014/02/22/surreals-plump-ordinals/}",
  note = "Accessed: 2019-03-31",
}

@inproceedings{hughes1996,
  title={Proving the correctness of reactive systems using sized types},
  author={Hughes, John and Pareto, Lars and Sabry, Amr},
  booktitle={POPL},
  volume={96},
  pages={410--423},
  year={1996}
}

@inproceedings{reynolds1983,
  title={Types, Abstraction and Parametric Polymorphism},
  author={Reynolds, John C},
  booktitle={IFIP congress},
  volume={83},
  year={1983}
}

@InProceedings{atkey2014,
  title = {A Relationally Parametric Model of Dependent Type Theory},
  author = {Robert Atkey and Neil Ghani and Patricia Johann},
  year = {2014},
  doi = {10.1145/2535838.2535852},
  booktitle = {Proceedings of the 41st ACM SIGPLAN-SIGACT Symposium on Principles of Programming Languages (POPL 2014)}
}

@techreport{vezzosi2015,
  title = {Guarded Recursive Types in Type Theory},
  author = {Vezzosi, Andrea},
  type = {Licenciate thesis},
  year = 2015,
  institution = {Department of Computer Science and Engineering, Chalmers University
    of Technology},
  address = {Göteborg, Sweden},
  note = {Technical Report 144L}
}

@article{nuyts2017,
  title={Parametric quantifiers for dependent type theory},
  author={Nuyts, Andreas and Vezzosi, Andrea and Devriese, Dominique},
  journal={Proceedings of the {ACM} on Programming Languages},
  volume={1},
  number={ICFP},
  pages={32},
  year={2017},
  publisher={ACM}
}

@misc{agdamanual,
  title = {Agda Manual},
  author = {{Agda contributors}},
  howpublished="\url{https://agda.readthedocs.io/en/v2.6.0.1/index.html}",
  note = "Accessed: 2019-11-21"
}

@misc{agdabug2015,
  author = "Abel, Andreas",
  year = 2015,
  month = "August",
  day = 8,
  title = "Check needed when ∞ < ∞ is ok for sizes",
  howpublished="\url{https://github.com/agda/agda/issues/1201}",
  note = "Accessed: 2019-01-23",
}


@misc{agdabug2016,
  title = {Sized types allow a type which is both inductive and coinductive in
    an inconsistent way},
  author = {Abel, Andreas},
  year = 2016,
  month = "April",
  day = 21,
  howpublished="\url{https://github.com/agda/agda/issues/1946}",
  note = "Accessed: 2019-11-21"
}

@misc{agdabug2017,
  title = {Equality is incompatible with sized types},
  author = {Abel, Andreas},
  howpublished="\url{https://github.com/agda/agda/issues/2820}",
  year = 2017,
  month = "October",
  day = 27,
  note = "Accessed: 2019-11-21"
}

@misc{agdabug2018,
  title = {Well-founded induction on {Size} is inconsistent},
  author = {van Laarhoven, Twan},
  howpublished = "\url{https://github.com/agda/agda/issues/3026}",
  year = 2018,
  month = "April",
  day = 5,
  note = "Accessed: 2019-11-21"
}

@inproceedings{luo1992,
  title={A unifying theory of dependent types: the schematic approach},
  author={Luo, Zhaohui},
  booktitle={International Symposium on Logical Foundations of Computer Science},
  pages={293--304},
  year={1992},
  organization={Springer}
}

@Book{hottbook,
  author = {The {Univalent Foundations Program}},
  title = {Homotopy Type Theory: Univalent Foundations of Mathematics},
  publisher = {\url{https://homotopytypetheory.org/book}},
  address = {Institute for Advanced Study},
  year = 2013
}

@article{kapulkin2012,
  title={The simplicial model of univalent foundations (after {V}oevodsky)},
  author={Kapulkin, Chris and Lumsdaine, Peter LeFanu},
  journal={arXiv preprint arXiv:1211.2851},
  year={2012}
}

@article{vezzosi2019,
  title={Cubical {A}gda: a dependently typed programming language with univalence and higher inductive types},
  author={Vezzosi, Andrea and M{\"o}rtberg, Anders and Abel, Andreas},
  journal={Proceedings of the ACM on Programming Languages},
  volume={3},
  number={ICFP},
  pages={87},
  year={2019},
  publisher={ACM}
}

@misc{escardo2019,
  title = {Introduction to Univalent Foundations of Mathematics with {A}gda},
  author = {Escardó, Martín},
  howpublished = "\url{https://www.cs.bham.ac.uk/~mhe/HoTT-UF-in-Agda-Lecture-Notes/HoTT-UF-Agda.html}",
  note = {Accessed: 2019-11-21}
}

@article{nordstroem1988,
  author = "Nordstr{\"o}m, Bengt",
  title = "Terminating general recursion",
  journal = "BIT Numerical Mathematics",
  year = "1988",
  volume = "28",
  number = "3",
  pages = "605--619",
  issn = "1572-9125",
  doi = "10.1007/BF01941137",
  url = "http://dx.doi.org/10.1007/BF01941137"
}

@article{paulson1986,
  author = "Lawrence C. Paulson",
  title = "Constructing recursion operators in intuitionistic type theory",
  journal = "Journal of Symbolic Computation",
  volume = "2",
  number = "4",
  pages = "325 - 355",
  year = "1986",
  issn = "0747-7171",
  doi = "http://dx.doi.org/10.1016/S0747-7171(86)80002-5",
  url = "http://www.sciencedirect.com/science/article/pii/S0747717186800025",
}

@inproceedings{dybjer1995,
  title={Internal type theory},
  author={Dybjer, Peter},
  booktitle={International Workshop on Types for Proofs and Programs},
  pages={120--134},
  year={1995},
  organization={Springer}
}
